@misc{elapheM700_page,
  title = {{Elaphe M700 product page}},
  howpublished = "\url{in-wheel.com/en/solutions-2/direct-drive-in-wheel-motors/}",
}
@misc{elapheM700,
  author = {Matej Biƒçek},
  title = {{Integrated components, systems and architectures for efficient adaption and conversion of commercial vehicle platforms to 3rd generation BEVs for future CO2-free city logistics}},
  howpublished = "\url{sys2wheel.eu/wp-content/uploads/2021/02/public_elaphe_inwheelsystem.PDF}",
  year = {2020}, 
}
@misc{altair_activate,
  title = {{Altair Activate home page}},
  howpublished = "\url{altair.com/activate/}",
}
@misc{road_profiles,
  title = {{Road profile mathematical modeling for wheel vertical dynamics simulation}},
  howpublished = "\url{x-engineer.org/automotive-engineering/chassis/vehicle-dynamics/road-profile-mathematical-modeling-for-wheel-vertical-dynamics-simulation/}",
}
@article{article_stiffnes_tire,
author = {Yang, Liunan and Ballo, Federico and Previati, Giorgio and Gobbi, Massimiliano},
year = {2019},
month = {05},
pages = {8-15},
title = {Robust Optimization of Road Vehicle Suspension Considering the Variation of Tire Vertical Stiffness},
volume = {11},
doi = {10.32732/jmo.2019.11.1.8}
}